@ARTICLE{fitsorig,
   author = {{Wells}, D.~C. and {Greisen}, E.~W. and {Harten}, R.~H.},
    title = "{FITS - a Flexible Image Transport System}",
  journal = {Astronomy and Astrophysics Supplement Series},
     year = 1981,
    month = jun,
   volume = 44,
    pages = {363},
   adsurl = {http://adsabs.harvard.edu/abs/1981A%26AS...44..363W},
  adsnote = {Provided by the SAO/NASA Astrophysics Data System}
}
@ARTICLE{fitsver3,
   author = {{Pence}, W.~D. and {Chiappetti}, L. and {Page}, C.~G. and {Shaw}, R.~A. and 
	{Stobie}, E.},
    title = "{Definition of the Flexible Image Transport System (FITS), version 3.0}",
  journal = {Astronomy and Astrophysics},
 keywords = {instrumentation: miscellaneous, methods: miscellaneous, techniques: miscellaneous, reference systems, standards, astronomical databases: miscellaneous},
     year = 2010,
    month = dec,
   volume = 524,
      eid = {A42},
    pages = {A42},
      doi = {10.1051/0004-6361/201015362},
   adsurl = {http://adsabs.harvard.edu/abs/2010A%26A...524A..42P},
  adsnote = {Provided by the SAO/NASA Astrophysics Data System}
}
@article {hirise,
author = {McEwen, Alfred S. and Eliason, Eric M. and Bergstrom, James W. and Bridges, Nathan T. and Hansen, Candice J. and Delamere, W. Alan and Grant, John A. and Gulick, Virginia C. and Herkenhoff, Kenneth E. and Keszthelyi, Laszlo and Kirk, Randolph L. and Mellon, Michael T. and Squyres, Steven W. and Thomas, Nicolas and Weitz, Catherine M.},
title = {Mars Reconnaissance Orbiter's High Resolution Imaging Science Experiment (HiRISE)},
journal = {Journal of Geophysical Research: Planets},
volume = {112},
number = {E5},
issn = {2156-2202},
url = {http://dx.doi.org/10.1029/2005JE002605},
doi = {10.1029/2005JE002605},
pages = {n/a--n/a},
keywords = {Planetary Sciences: Solid Surface Planets: Erosion and weathering, Planetary Sciences: Solid Surface Planets: Hydrology and fluvial processes, Planetary Sciences: Solid Surface Planets: Remote sensing, Planetary Sciences: Solid Surface Planets: Instruments and techniques, geology, imaging, Mars},
year = {2007},
note = {E05S02},
}
@article {crism,
author = {Murchie, S. and Arvidson, R. and Bedini, P. and Beisser, K. and Bibring, J.-P. and Bishop, J. and Boldt, J. and Cavender, P. and Choo, T. and Clancy, R. T. and Darlington, E. H. and Des Marais, D. and Espiritu, R. and Fort, D. and Green, R. and Guinness, E. and Hayes, J. and Hash, C. and Heffernan, K. and Hemmler, J. and Heyler, G. and Humm, D. and Hutcheson, J. and Izenberg, N. and Lee, R. and Lees, J. and Lohr, D. and Malaret, E. and Martin, T. and McGovern, J. A. and McGuire, P. and Morris, R. and Mustard, J. and Pelkey, S. and Rhodes, E. and Robinson, M. and Roush, T. and Schaefer, E. and Seagrave, G. and Seelos, F. and Silverglate, P. and Slavney, S. and Smith, M. and Shyong, W.-J. and Strohbehn, K. and Taylor, H. and Thompson, P. and Tossman, B. and Wirzburger, M. and Wolff, M.},
title = {Compact Reconnaissance Imaging Spectrometer for Mars (CRISM) on Mars Reconnaissance Orbiter (MRO)},
journal = {Journal of Geophysical Research: Planets},
volume = {112},
number = {E5},
issn = {2156-2202},
url = {http://dx.doi.org/10.1029/2006JE002682},
doi = {10.1029/2006JE002682},
pages = {n/a--n/a},
keywords = {Planetary Sciences: Solid Surface Planets: Atmospheres, Planetary Sciences: Solid Surface Planets: Composition, Planetary Sciences: Solid Surface Planets: Impact phenomena, cratering, Planetary Sciences: Solid Surface Planets: Remote sensing, Planetary Sciences: Solid Surface Planets: Instruments and techniques, Planetary Sciences: Solar System Objects: Mars, Mars, spectroscopy, CRISM, MRO, Mars Reconnaissance Orbiter, Mars composition},
year = {2007},
note = {E05S03},
}
@article {omega,
	author = {Bibring, Jean-Pierre and Langevin, Yves and Gendrin, Aline and Gondet, Brigitte and Poulet, Fran{\c c}ois and Berth{\'e}, Michel and Soufflot, Alain and Arvidson, Ray and Mangold, Nicolas and Mustard, John and Drossart, P. and ,},
	title = {Mars Surface Diversity as Revealed by the OMEGA/Mars Express Observations},
	volume = {307},
	number = {5715},
	pages = {1576--1581},
	year = {2005},
	doi = {10.1126/science.1108806},
	publisher = {American Association for the Advancement of Science},
	issn = {0036-8075},
	URL = {http://science.sciencemag.org/content/307/5715/1576},
	eprint = {http://science.sciencemag.org/content/307/5715/1576.full.pdf},
	journal = {Science}
}

@misc{fitsoffice,
author= {{FITS Support Office}},
title="{https://fits.gsfc.nasa.gov/ last visited 2018-01-15}",
url={https://fits.gsfc.nasa.gov/},
urldate="2018-01-15"
}