@article{minin,
     year = "2018",
   author = {{Minin}, M. and {Rossi}, A.P. and {Marco Figuera}, R. and {Unnithan}, V. and Marmo, C. and Walter, S.H.G. and Demleitner, M. and Le Sidaner, P. and Cecconi, B. and Erard S. and Hare, T.M.},
    title = "{Bridging the gap between Geographical Information Systems and Planetary Virtual Observatory}",
  journal = {this issue}
}

@ARTICLE{aladin,
   author = {{Bonnarel}, F. and {Fernique}, P. and {Bienaym{\'e}}, O. and 
	{Egret}, D. and {Genova}, F. and {Louys}, M. and {Ochsenbein}, F. and 
	{Wenger}, M. and {Bartlett}, J.~G.},
    title = "{The ALADIN interactive sky atlas. A reference tool for identification of astronomical sources}",
  journal = {Astronomy and Astrophysics Supplement},
 keywords = {ASTRONOMICAL DATA BASES: MISCELLANEOUS, CATALOGS, ATLASES, SURVEYS},
     year = 2000,
    month = apr,
   volume = 143,
    pages = {33-40},
      doi = {10.1051/aas:2000331},
   adsurl = {http://cdsads.u-strasbg.fr/abs/2000A%26AS..143...33B},
  adsnote = {Provided by the SAO/NASA Astrophysics Data System}
}

@article{wcsspectral,
	author = {{Greisen, E. W.} and {Calabretta, M. R.} and {Valdes, F. G.} and {Allen, S. L.}},
	title = {Representations of spectral coordinates in FITS},
	DOI= "10.1051/0004-6361:20053818",
	url= "https://doi.org/10.1051/0004-6361:20053818",
	journal = {Astronomy and Astrophysics},
	year = 2006,
	volume = 446,
	number = 2,
	pages = "747-771",
}
@article{ZINZI2016,
title = "MATISSE: A novel tool to access, visualize and analyse data from planetary exploration missions",
journal = "Astronomy and Computing",
volume = "15",
pages = "16 - 28",
year = "2016",
issn = "2213-1337",
doi = "https://doi.org/10.1016/j.ascom.2016.02.006",
url = "http://www.sciencedirect.com/science/article/pii/S2213133716300154",
author = "A. Zinzi and M.T. Capria and E. Palomba and P. Giommi and L.A. Antonelli",
keywords = "Web data visualization, Planetary sciences, 67P/Churyumov–Gerasimenko, Solar system exploration, Joint analysis, Virtual observatory"
}
@ARTICLE{astropy,
   author = {{Astropy Collaboration} and {Robitaille}, T.~P. and {Tollerud}, E.~J. and 
	{Greenfield}, P. and {Droettboom}, M. and {Bray}, E. and {Aldcroft}, T. and 
	{Davis}, M. and {Ginsburg}, A. and {Price-Whelan}, A.~M. and 
	{Kerzendorf}, W.~E. and {Conley}, A. and {Crighton}, N. and 
	{Barbary}, K. and {Muna}, D. and {Ferguson}, H. and {Grollier}, F. and 
	{Parikh}, M.~M. and {Nair}, P.~H. and {Unther}, H.~M. and {Deil}, C. and 
	{Woillez}, J. and {Conseil}, S. and {Kramer}, R. and {Turner}, J.~E.~H. and 
	{Singer}, L. and {Fox}, R. and {Weaver}, B.~A. and {Zabalza}, V. and 
	{Edwards}, Z.~I. and {Azalee Bostroem}, K. and {Burke}, D.~J. and 
	{Casey}, A.~R. and {Crawford}, S.~M. and {Dencheva}, N. and 
	{Ely}, J. and {Jenness}, T. and {Labrie}, K. and {Lim}, P.~L. and 
	{Pierfederici}, F. and {Pontzen}, A. and {Ptak}, A. and {Refsdal}, B. and 
	{Servillat}, M. and {Streicher}, O.},
    title = "{Astropy: A community Python package for astronomy}",
  journal = {Astronomy and Astrophysics},
archivePrefix = "arXiv",
   eprint = {1307.6212},
 primaryClass = "astro-ph.IM",
 keywords = {methods: data analysis, methods: miscellaneous, virtual observatory tools},
     year = 2013,
    month = oct,
   volume = 558,
      eid = {A33},
    pages = {A33},
      doi = {10.1051/0004-6361/201322068},
   adsurl = {http://adsabs.harvard.edu/abs/2013A%26A...558A..33A},
  adsnote = {Provided by the SAO/NASA Astrophysics Data System}
}
@article{THOMAS2015133,
title = "Learning from FITS: Limitations in use in modern astronomical research",
journal = "Astronomy and Computing",
volume = "12",
pages = "133 - 145",
year = "2015",
issn = "2213-1337",
doi = "https://doi.org/10.1016/j.ascom.2015.01.009",
url = "http://www.sciencedirect.com/science/article/pii/S2213133715000104",
author = "B. Thomas and T. Jenness and F. Economou and P. Greenfield and P. Hirst and D.S. Berry and E. Bray and N. Gray and D. Muna and J. Turner and M. de Val-Borro and J. Santander-Vela and D. Shupe and J. Good and G.B. Berriman and S. Kitaeff and J. Fay and O. Laurino and A. Alexov and W. Landry and J. Masters and A. Brazier and R. Schaaf and K. Edwards and R.O. Redman and T.R. Marsh and O. Streicher and P. Norris and S. Pascual and M. Davie and M. Droettboom and T. Robitaille and R. Campana and A. Hagen and P. Hartogh and D. Klaes and M.W. Craig and D. Homeier",
keywords = "FITS, File formats, Standards"
}
@article{ERARDepntap,
title = "The EPN-TAP protocol for the Planetary Science Virtual Observatory",
journal = "Astronomy and Computing",
volume = "7-8",
pages = "52 - 61",
year = "2014",
note = "Special Issue on The Virtual Observatory: I",
issn = "2213-1337",
doi = "https://doi.org/10.1016/j.ascom.2014.07.008",
url = "http://www.sciencedirect.com/science/article/pii/S2213133714000365",
author = "S. Erard and B. Cecconi and P. Le Sidaner and J. Berthier and F. Henry and M. Molinaro and M. Giardino and N. Bourrel and N. AndrÃ© and M. Gangloff and C. Jacquey and F. Topf",
keywords = "Virtual Observatory, Planetary Science, Solar System, Data services, Standards"
}
@article{vespapss,
title = "VESPA: A community-driven Virtual Observatory in Planetary Science",
journal = "Planetary and Space Science",
volume = "150",
pages = "65 - 85",
year = "2018",
note = "Enabling Open and Interoperable Access to Planetary Science and Heliophysics Databases and Tools",
issn = "0032-0633",
doi = "https://doi.org/10.1016/j.pss.2017.05.013",
url = "http://www.sciencedirect.com/science/article/pii/S0032063316304937",
author = "S. Erard and B. Cecconi and P. Le Sidaner and A.P. Rossi and M.T. Capria and B. Schmitt and V. G\'enot and N. Andr\'e and A.C. Vandaele and M. Scherf and R. Hueso and A. M{\"a}{\"a}tt{\"a}nen and W. Thuillot and B. Carry and N. Achilleos and C. Marmo and O. Santolik and K. Benson and P. Fernique and L. Beigbeder and E. Millour and B. Rousseau and F. Andrieu and C. Chauvin and M. Minin and S. Ivanoski and A. Longobardo and P. Bollard and D. Albert and M. Gangloff and N. Jourdane and M. Bouchemit and J.-M. Glorian and L. Trompet and T. Al-Ubaidi and J. Juaristi and J. Desmars and P. Guio and O. Delaa and A. Lagain and J. Soucek and D. Pisa",
keywords = "Virtual Observatory, Solar System, GIS"
}
@ARTICLE{wgccre,
   author = {{Archinal}, B.~A. and {A'Hearn}, M.~F. and {Bowell}, E. and 
	{Conrad}, A. and {Consolmagno}, G.~J. and {Courtin}, R. and 
	{Fukushima}, T. and {Hestroffer}, D. and {Hilton}, J.~L. and 
	{Krasinsky}, G.~A. and {Neumann}, G. and {Oberst}, J. and {Seidelmann}, P.~K. and 
	{Stooke}, P. and {Tholen}, D.~J. and {Thomas}, P.~C. and {Williams}, I.~P.
	},
    title = "{Report of the IAU Working Group on Cartographic Coordinates and Rotational Elements: 2009}",
  journal = {Celestial Mechanics and Dynamical Astronomy},
 keywords = {Cartographic coordinates, Longitude, Latitude, Rotation axes, Rotation periods, Sizes, Shapes, Planets, Satellites, Dwarf planets, Minor planets, Comets},
     year = 2011,
    month = feb,
   volume = 109,
    pages = {101-135},
      doi = {10.1007/s10569-010-9320-4},
   adsurl = {http://adsabs.harvard.edu/abs/2011CeMDA.109..101A},
  adsnote = {Provided by the SAO/NASA Astrophysics Data System}
}
@ARTICLE{fitsorig,
   author = {{Wells}, D.~C. and {Greisen}, E.~W. and {Harten}, R.~H.},
    title = "{FITS - a Flexible Image Transport System}",
  journal = {Astronomy and Astrophysics Supplement Series},
     year = 1981,
    month = jun,
   volume = 44,
    pages = {363},
   adsurl = {http://adsabs.harvard.edu/abs/1981A%26AS...44..363W},
  adsnote = {Provided by the SAO/NASA Astrophysics Data System}
}
@ARTICLE{fitsver3,
   author = {{Pence}, W.~D. and {Chiappetti}, L. and {Page}, C.~G. and {Shaw}, R.~A. and 
	{Stobie}, E.},
    title = "{Definition of the Flexible Image Transport System (FITS), version 3.0}",
  journal = {Astronomy and Astrophysics},
 keywords = {instrumentation: miscellaneous, methods: miscellaneous, techniques: miscellaneous, reference systems, standards, astronomical databases: miscellaneous},
     year = 2010,
    month = dec,
   volume = 524,
      eid = {A42},
    pages = {A42},
      doi = {10.1051/0004-6361/201015362},
   adsurl = {http://adsabs.harvard.edu/abs/2010A%26A...524A..42P},
  adsnote = {Provided by the SAO/NASA Astrophysics Data System}
}
@article {hirise,
author = {McEwen, Alfred S. and Eliason, Eric M. and Bergstrom, James W. and Bridges, Nathan T. and Hansen, Candice J. and Delamere, W. Alan and Grant, John A. and Gulick, Virginia C. and Herkenhoff, Kenneth E. and Keszthelyi, Laszlo and Kirk, Randolph L. and Mellon, Michael T. and Squyres, Steven W. and Thomas, Nicolas and Weitz, Catherine M.},
title = {Mars Reconnaissance Orbiter's High Resolution Imaging Science Experiment (HiRISE)},
journal = {Journal of Geophysical Research: Planets},
volume = {112},
number = {E5},
issn = {2156-2202},
url = {http://dx.doi.org/10.1029/2005JE002605},
doi = {10.1029/2005JE002605},
pages = {n/a--n/a},
keywords = {Planetary Sciences: Solid Surface Planets: Erosion and weathering, Planetary Sciences: Solid Surface Planets: Hydrology and fluvial processes, Planetary Sciences: Solid Surface Planets: Remote sensing, Planetary Sciences: Solid Surface Planets: Instruments and techniques, geology, imaging, Mars},
year = {2007},
note = {E05S02},
}
@article {crism,
author = {Murchie, S. and Arvidson, R. and Bedini, P. and Beisser, K. and Bibring, J.-P. and Bishop, J. and Boldt, J. and Cavender, P. and Choo, T. and Clancy, R. T. and Darlington, E. H. and Des Marais, D. and Espiritu, R. and Fort, D. and Green, R. and Guinness, E. and Hayes, J. and Hash, C. and Heffernan, K. and Hemmler, J. and Heyler, G. and Humm, D. and Hutcheson, J. and Izenberg, N. and Lee, R. and Lees, J. and Lohr, D. and Malaret, E. and Martin, T. and McGovern, J. A. and McGuire, P. and Morris, R. and Mustard, J. and Pelkey, S. and Rhodes, E. and Robinson, M. and Roush, T. and Schaefer, E. and Seagrave, G. and Seelos, F. and Silverglate, P. and Slavney, S. and Smith, M. and Shyong, W.-J. and Strohbehn, K. and Taylor, H. and Thompson, P. and Tossman, B. and Wirzburger, M. and Wolff, M.},
title = {Compact Reconnaissance Imaging Spectrometer for Mars (CRISM) on Mars Reconnaissance Orbiter (MRO)},
journal = {Journal of Geophysical Research: Planets},
volume = {112},
number = {E5},
issn = {2156-2202},
url = {http://dx.doi.org/10.1029/2006JE002682},
doi = {10.1029/2006JE002682},
pages = {n/a--n/a},
keywords = {Planetary Sciences: Solid Surface Planets: Atmospheres, Planetary Sciences: Solid Surface Planets: Composition, Planetary Sciences: Solid Surface Planets: Impact phenomena, cratering, Planetary Sciences: Solid Surface Planets: Remote sensing, Planetary Sciences: Solid Surface Planets: Instruments and techniques, Planetary Sciences: Solar System Objects: Mars, Mars, spectroscopy, CRISM, MRO, Mars Reconnaissance Orbiter, Mars composition},
year = {2007},
note = {E05S03},
}
@ARTICLE{omega,
   author = {{Bibring}, J.-P. and {Langevin}, Y. and {Gendrin}, A. and {Gondet}, B. and 
	{Poulet}, F. and {Berth{\'e}}, M. and {Soufflot}, A. and {Arvidson}, R. and 
	{Mangold}, N. and {Mustard}, J. and {Drossart}, P. and {OMEGA Team} and 
	{Erard}, S. and {Forni}, O. and {Combes}, M. and {Encrenaz}, T. and 
	{Fouchet}, T. and {Merchiorri}, R. and {Belluci}, G. and {Altieri}, F. and 
	{Formisano}, V. and {Bonello}, G. and {Capaccioni}, F. and {Cerroni}, P. and 
	{Coradini}, A. and {Fonti}, S. and {Kottsov}, V. and {Ignatiev}, N. and 
	{Moroz}, V. and {Titov}, D. and {Zasova}, L. and {Mangold}, M. and 
	{Pinet}, P. and {Dout{\'e}}, S. and {Schmitt}, B. and {Sotin}, C. and 
	{Hauber}, E. and {Hoffmann}, H. and {Jaumann}, R. and {Keller}, U. and 
	{Duxbury}, T. and {Forget}, F.},
    title = "{Mars Surface Diversity as Revealed by the OMEGA/Mars Express Observations}",
  journal = {Science},
     year = 2005,
    month = mar,
   volume = 307,
    pages = {1576-1581},
      doi = {10.1126/science.1108806},
   adsurl = {http://adsabs.harvard.edu/abs/2005Sci...307.1576B},
  adsnote = {Provided by the SAO/NASA Astrophysics Data System}
}
@TechReport{Snyder1987,
author={Snyder, John P.},
title={Map projections: A working manual},
year={1987},
address={Washington, D.C.},
note={Report},
url={http://pubs.er.usgs.gov/publication/pp1395}
}
@ARTICLE{calagreisenI,
   author = {{Calabretta}, M.~R. and {Greisen}, E.~W.},
    title = "{Representations of celestial coordinates in FITS}",
  journal = {Astronomy and Astrophysics},
   eprint = {astro-ph/0207413},
 keywords = {methods: data analysis, techniques: image processing, astronomical data bases: miscellaneous, astrometry},
     year = 2002,
    month = dec,
   volume = 395,
    pages = {1077-1122},
      doi = {10.1051/0004-6361:20021327},
   adsurl = {http://adsabs.harvard.edu/abs/2002A%26A...395.1077C},
  adsnote = {Provided by the SAO/NASA Astrophysics Data System}
}
@ARTICLE{greisencalaII,
   author = {{Greisen}, E.~W. and {Calabretta}, M.~R.},
    title = "{Representations of world coordinates in FITS}",
  journal = {Astronomy and Astrophysics},
   eprint = {astro-ph/0207407},
 keywords = {methods: data analysis, techniques: image processing, astronomical data bases: miscellaneous},
     year = 2002,
    month = dec,
   volume = 395,
    pages = {1061-1075},
      doi = {10.1051/0004-6361:20021326},
   adsurl = {http://adsabs.harvard.edu/abs/2002A%26A...395.1061G},
  adsnote = {Provided by the SAO/NASA Astrophysics Data System}
}
@INPROCEEDINGS{hare2006,
   author = {{Hare}, T.~M. and {Archinal}, B.~A. and {Plesea}, L. and {Dobinson}, E. and 
	{Curkendall}, D.},
    title = "{Standards Proposal to Support Planetary Coordinate Reference Systems in Open Geospatial Web Services and Geospatial Applications}",
booktitle = {37th Annual Lunar and Planetary Science Conference},
     year = 2006,
   series = {Lunar and Planetary Inst.~Technical Report},
   volume = 37,
   editor = {{Mackwell}, S. and {Stansbery}, E.},
    month = mar,
   adsurl = {http://adsabs.harvard.edu/abs/2006LPI....37.1931H},
  adsnote = {Provided by the SAO/NASA Astrophysics Data System}
}
@article{BESSE2018131,
title = "ESA's Planetary Science Archive: Preserve and present reliable scientific data sets",
journal = "Planetary and Space Science",
volume = "150",
pages = "131 - 140",
year = "2018",
note = "Enabling Open and Interoperable Access to Planetary Science and Heliophysics Databases and Tools",
issn = "0032-0633",
doi = "https://doi.org/10.1016/j.pss.2017.07.013",
url = "http://www.sciencedirect.com/science/article/pii/S0032063316304688",
author = "S. Besse and C. Vallat and M. Barthelemy and D. Coia and M. Costa and G. De Marchi and D. Fraga and E. Grotheer and D. Heather and T. Lim and S. Martinez and C. Arviset and I. Barbarisi and R. Docasal and A. Macfarlane and C. Rios and J. Saiz and F. Vallejo",
keywords = "Archives, Missions, Data sets, European Space Agency"
}
@ARTICLE{wgccre2003,
   author = {{Seidelmann}, P.~K. and {Archinal}, B.~A. and {A'Hearn}, M.~F. and 
	{Cruikshank}, D.~P. and {Hilton}, J.~L. and {Keller}, H.~U. and 
	{Oberst}, J. and {Simon}, J.~L. and {Stooke}, P. and {Tholen}, D.~J. and 
	{Thomas}, P.~C.},
    title = "{Report of the IAU/IAG Working Group on Cartographic Coordinates and Rotational Elements: 2003}",
  journal = {Celestial Mechanics and Dynamical Astronomy},
 keywords = {asteroids, cartographic coordinates, comets, planets, rotation axes, rotation periods, satellites, shapes, sizes},
     year = 2005,
    month = mar,
   volume = 91,
    pages = {203-215},
      doi = {10.1007/s10569-004-3115-4},
   adsurl = {http://adsabs.harvard.edu/abs/2005CeMDA..91..203S},
  adsnote = {Provided by the SAO/NASA Astrophysics Data System}
}
@ARTICLE{wgccre1982,
   author = {{Davies}, M.~E. and {Abalakin}, V.~K. and {Lieske}, J.~H. and 
	{Seidelmann}, P.~K. and {Sinclair}, A.~T. and {Sinzi}, A.~M. and 
	{Smith}, B.~A. and {Tjuflin}, Y.~S.},
    title = "{Report of the IAU working group on cartographic coordinates and rotational elements of the planets and satellites - 1982}",
  journal = {Celestial Mechanics},
 keywords = {Astronomical Coordinates, Astronomical Maps, Natural Satellites, Planetary Rotation, Tables (Data), PLANETS, SATELLITES, CARTOGRAPHY, COORDINATES, ROTATION, PARAMETERS, NOMENCLATURE, DATA},
     year = 1983,
    month = apr,
   volume = 29,
    pages = {309-321},
      doi = {10.1007/BF01228525},
   adsurl = {http://adsabs.harvard.edu/abs/1983CeMec..29..309D},
  adsnote = {Provided by the SAO/NASA Astrophysics Data System}
}



